@manual{razer-sdk-docs,
	author = {Bob L and Greta C},
	title = {SwitchBlade SDK API Description},
	date = {2012-05-09},
	OPTlanguage = {English},
	OPTversion = {1.3},
	OPTorganization = {Razer Inc},
	OPTpublisher = {Razer Inc}
}
